<collection xmlns="http://www.loc.gov/MARC21/slim">
<record>
  <leader>01415nam0a2200265 i 450 </leader>
  <controlfield tag="001">IT\ICCU\CNCE\069317</controlfield>
  <controlfield tag="005">20130408000000.0</controlfield>
  <datafield tag="012" ind1=" " ind2=" ">
    <subfield code="a">6.o. e.e. i-no e,ro (S) 1576 (A)</subfield>
    <subfield code="2">fei</subfield>
  </datafield>
  <datafield tag="100" ind1=" " ind2=" ">
    <subfield code="a">20061228d1576        0itac0103    ba</subfield>
  </datafield>
  <datafield tag="101" ind1=" " ind2=" ">
    <subfield code="a">ITA</subfield>
  </datafield>
  <datafield tag="102" ind1=" " ind2=" ">
    <subfield code="a">IT</subfield>
  </datafield>
  <datafield tag="200" ind1="1" ind2=" ">
    <subfield code="a">Perch ̈gi ̉sono le feste della Natiuit ̉di nostro Signore ...</subfield>
  </datafield>
  <datafield tag="210" ind1=" " ind2=" ">
    <subfield code="a">In Milano</subfield>
    <subfield code="c">per Gio. Battista Pontio stampatore della corte di sua eccellenza alla Doana</subfield>
    <subfield code="d">adi XXI decembre 1576</subfield>
  </datafield>
  <datafield tag="215" ind1=" " ind2=" ">
    <subfield code="a">1 manifesto</subfield>
    <subfield code="d">1/2</subfield>
  </datafield>
  <datafield tag="300" ind1=" " ind2=" ">
    <subfield code="a">Grida con cui si ordina agli abitanti della citt ̉di vivere ritirati nel periodo delle feste natalizie secondo le modalit ̉prescritte dalla grida relativa alla quarantena. 19 dicembre 1576. - Il tit. si ricava dall&apos;Incipit</subfield>
  </datafield>
  <datafield tag="620" ind1=" " ind2=" ">
    <subfield code="a">IT</subfield>
    <subfield code="d">Milano</subfield>
  </datafield>
  <datafield tag="710" ind1="0" ind2="2">
    <subfield code="a">Milano</subfield>
    <subfield code="c"> &lt;Ducato&gt;</subfield>
    <subfield code="3">6960</subfield>
  </datafield>
  <datafield tag="712" ind1="0" ind2="0">
    <subfield code="a">Da_Ponte, Giovanni Battista</subfield>
    <subfield code="3">IT\ICCU\CNCT\000280</subfield>
    <subfield code="4">650</subfield>
  </datafield>
  <datafield tag="791" ind1="0" ind2="0">
    <subfield code="a">Ponte, Giovanni Battista da</subfield>
    <subfield code="3">IT\ICCU\CNCT\003705</subfield>
    <subfield code="z">Da_Ponte, Giovanni Battista</subfield>
  </datafield>
  <datafield tag="791" ind1="0" ind2="0">
    <subfield code="a">Pontius, Ioannes Baptista</subfield>
    <subfield code="3">IT\ICCU\CNCT\003706</subfield>
    <subfield code="z">Da_Ponte, Giovanni Battista</subfield>
  </datafield>
  <datafield tag="791" ind1="0" ind2="0">
    <subfield code="a">Pontio, Giovanni Battista</subfield>
    <subfield code="3">IT\ICCU\CNCT\004484</subfield>
    <subfield code="z">Da_Ponte, Giovanni Battista</subfield>
  </datafield>
  <datafield tag="791" ind1="0" ind2="0">
    <subfield code="a">Ponti, Giovan Battista de</subfield>
    <subfield code="3">IT\ICCU\CNCT\004485</subfield>
    <subfield code="z">Da_Ponte, Giovanni Battista</subfield>
  </datafield>
  <datafield tag="791" ind1="0" ind2="0">
    <subfield code="a">Ponzio, Giovanni Battista</subfield>
    <subfield code="3">IT\ICCU\CNCT\004486</subfield>
    <subfield code="z">Da_Ponte, Giovanni Battista</subfield>
  </datafield>
  <datafield tag="801" ind1=" " ind2="3">
    <subfield code="a">IT</subfield>
    <subfield code="b">ICCU</subfield>
    <subfield code="c">20201115</subfield>
  </datafield>
  <datafield tag="899" ind1=" " ind2=" ">
    <subfield code="a">Biblioteca nazionale Braidense. Milano</subfield>
    <subfield code="1">MI0185</subfield>
    <subfield code="2">MIL NB</subfield>
  </datafield>
</record>
</collection>
